@article{campanella2019clinical,
  author = {Campanella, Giuseppe and et al.},
  title = {Clinical-grade computational pathology using weakly supervised deep learning on whole slide images},
  journal = {Nature Medicine},
  volume = {25},
  number = {8},
  pages = {1301--1309},
  year = {2019},
  doi = {10.1038/s41591-019-0508-1}
}