@article{DeepLMulticlassSegmentation2023,
    author = {Bokhorst, John-Melle and Nagtegaal, Iris and Fraggetta, Filippo and Vatrano, Simona and Mesker, Wilma and Vieth, Michael and van der Laak, Jeroen and Ciompi, Francesco},
    year = {2023},
    month = {05},
    pages = {},
    title = {Deep learning for multi-class semantic segmentation enables colorectal cancer detection and classification in digital pathology images},
    volume = {13},
    journal = {Scientific Reports},
    doi = {10.1038/s41598-023-35491-z}
}