@inproceedings{inproceedings,
author = {Xu, Yan and Zhu, Jun-Yan and Chang, Eric and Tu, Z.},
year = {2012},
month = {06},
pages = {},
title = {Multiple Clustered Instance Learning for Histopathology Cancer Image Classification, Segmentation and Clustering},
journal = {Computer Vision and Pattern Recognition},
doi = {10.1109/CVPR.2012.6247772}
}