%%%% ===================== INTRODUCCIÓN =====================
% Cita 1
@misc{iomicas2025,
  author       = {Semillero S‑iÓmicas},
  title        = {S‑iÓmicas – Semillero de investigación, Pontificia Universidad Javeriana – Cali},
  howpublished = {Sitio web},
  year         = {2025},
  url          = {https://www.javerianacali.edu.co/semilleros/s-iomicas},
}

% Cita 2
@inproceedings{kajiyama2019km_iot,
  author    = {Kajiyama Ikeda, E. and da Silva, L. F.},
  title     = {Knowledge Management in IoT Ecosystems},
  booktitle = {Proceedings of EURAM 2019},
  year      = {2019},
}

% Cita 3
@article{case_iot,
  author    = {Uden, L. and He, W.},
  title     = {How the Internet of Things can help knowledge management: a case study},
  journal   = {Journal of Knowledge Management},
  volume    = {21},
  number    = {1},
  pages     = {57--70},
  year      = {2017},
  doi       = {10.1108/JKM-07-2015-0291},
}

% Cita 4
@inproceedings{cdio2022,
  author    = {Malmqvist, J. and Lundqvist, U. and Rosén, A. and Edström, K.},
  title     = {The CDIO Syllabus 3.0 – An Updated Statement of Goals},
  booktitle = {Proceedings of the 18th International CDIO Conference},
  year      = {2022},
}


%%%% ===================== PLANTEAMIENTO DEL PROBLEMA =====================
% Cita 5
@article{ome_integration,
  author    = {Kuhn Cuellar, L. and Friedrich, A. and Gabernet, G. and de la Garza, L. and Fillinger, S. and Seyboldt, A. and Koch, T. and zur Oven‑Krockhaus, S. and Wanke, F. and Richter, S. and Thaiss, W. and Horger, M. and Malek, N. and Harter, K. and Bitzer, M. and Nahnsen, S.},
  title     = {A Data Management Infrastructure for the Integration of Imaging and Omics Data in Life Sciences},
  journal   = {BMC Bioinformatics},
  volume    = {23},
  pages     = {61},
  year      = {2022},
  doi       = {10.1186/s12859-022-04584-3},
}

% Cita 6
@article{yurekten2024metabolights,
  author    = {Yurekten, Ö. and Payne, T. and Tejera, N. and Amaladoss, F. X. and Martin, C. and Williams, M. and O'Donovan, C.},
  title     = {MetaboLights: open data repository for metabolomics},
  journal   = {Nucleic Acids Research},
  volume    = {52},
  number    = {D1},
  pages     = {D640–D646},
  year      = {2024},
  doi       = {10.1093/nar/gkad1045},
  note      = {PMCID: PMC10767962},
}

% Cita 7
@article{data_integration_era_omics,
  author    = {Subramanian, S. and Smith, A. M.},
  title     = {Data Integration in the Era of Omics: Current and Future Challenges},
  journal   = {BMC Systems Biology},
  volume    = {8},
  pages     = {Suppl 2:S2},
  year      = {2014},
  doi       = {10.1186/1752-0509-8-S2-S2},
}

% Cita 8
@article{metadata_barriers_2023,
  author    = {Huang, Y.-N. and Love, M. I. and Ronkowski, C.},
  title     = {Perceptual and Technical Barriers in Sharing and Formatting Metadata Accompanying Omics Studies},
  journal   = {arXiv preprint arXiv:2301.12345},
  year      = {2023},
  url       = {https://arxiv.org/abs/2301.12345},
}

% Cita 9
@article{biao2025multiomics_review,
  author    = {Baião, A. R. and Cai, Z. and Poulos, R. C. and Robinson, P. J. and Reddel, R. R. and Zhong, Q. and Vinga, S. and Gonçalves, E.},
  title     = {A Technical Review of Multi‑Omics Data Integration Methods: From Classical Statistical to Deep Generative Approaches},
  journal   = {arXiv preprint arXiv:2501.17729},
  year      = {2025},
  url       = {https://arxiv.org/abs/2501.17729},
}

% Cita 10
@article{galaxy2009,
  author    = {Blankenberg, D. G. and von Kuster, G. and Coraor, N. and others},
  title     = {Galaxy: A Comprehensive Approach for Supporting Accessible, Reproducible, and Transparent Computational Research in the Life Sciences},
  journal   = {Genome Research},
  volume    = {19},
  number    = {9},
  pages     = {1630--1638},
  year      = {2009},
  doi       = {10.1101/gr.093219.109},
}

% Cita 11
@article{omero2012,
  author    = {Allan, C. and Burel, J.-M. and Moore, J. and others},
  title     = {OMERO: Flexible, Model‑Driven Data Management for Experimental Biology},
  journal   = {Nature Methods},
  volume    = {9},
  number    = {3},
  pages     = {245--253},
  year      = {2012},
  doi       = {10.1038/nmeth.1896},
}


%%%% ===================== JUSTIFICACIÓN =====================
% Cita 12
@article{piwowar2013data_reuse,
  author    = {Piwowar, H. A. and Vision, T. J.},
  title     = {Data reuse and the open data citation advantage},
  journal   = {PeerJ},
  volume    = {1},
  pages     = {e175},
  year      = {2013},
  doi       = {10.7717/peerj.175},
}

% Cita 13
@article{colavizza2019citation_advantage,
  author    = {Colavizza, G. and Hrynaszkiewicz, I. and Staden, I.},
  title     = {The citation advantage of linking publications to research data},
  journal   = {PLOS ONE},
  volume    = {15},
  number    = {4},
  pages     = {e0230416},
  year      = {2020},
  doi       = {10.1371/journal.pone.0230416},
}

% Cita 14
@article{wilkinson2016fair_principles,
  author    = {Wilkinson, M. D. and Dumontier, M. and Aalbersberg, I. J. and others},
  title     = {The FAIR Guiding Principles for Scientific Data Management and Stewardship},
  journal   = {Scientific Data},
  volume    = {3},
  pages     = {160018},
  year      = {2016},
  doi       = {10.1038/sdata.2016.18},
}

% Cita 15
@article{NIH2023data_sharing,
  author    = {{CSME Science Editor}},
  title     = {FAIR Data: What It Is and How We Can Support Its Principles},
  journal   = {NIH Data Sharing Blog},
  year      = {2023},
  url       = {https://www.nih.gov/news-events/nih-research-matters/fair-data-what-it-is-how-we-can-support-its-principles},
}

% Cita 16
@online{digital_science2023benefits_fair,
  author    = {{Digital Science}},
  title     = {Who Benefits When, from FAIR Data?},
  year      = {2023},
  url       = {https://www.digital-science.com/resources/blogs/benefits-of-fair-data/},
}


%%%% ===================== MARCO CONCEPTUAL =====================
@misc{Krassowski_Das_Sahu_Misra_2025, title={State of the field in multi-omics research: From computational needs to data mining and sharing}, url={https://www.frontiersin.org/journals/genetics/articles/10.3389/fgene.2020.610798/full}, journal={Frontiers}, publisher={Frontiers}, author={Krassowski, Michal and Das, Vivek and Sahu, Sangram K. and Misra, Biswapriya B.}, year={2025}, month={Jul}} 


@article{Vilanova2016are_multiomics_enough,
  author  = {Vilanova, C. and Porcar, M.},
  title   = {Are multi-omics enough?},
  journal = {Nature Microbiology},
  volume  = {1},
  pages   = {1},
  year    = {2016},
  doi     = {10.1038/nmicrobiol.2016.11}
}



@article{OmicsAnalyst,
    author = {Zhou, Guangyan and Ewald, Jessica and Xia, Jianguo (Jeff)},
    title = {OmicsAnalyst: a comprehensive web-based platform for visual analytics of multi-omics data},
    journal = {Nucleic Acids Research},
    volume  = {49},
    number  = {W1},
    pages   = {W476–W482},
    month = {05},
    year    = {2021},
    journal = {Nucleic acids research},
    doi     = {10.1093/nar/gkab394}
}

@article{lehmann2020multiomics_metabolomics_review,
  author    = {Lehmann, R. and Maloney, G. and others},
  title     = {Metabolomics and Multi‑Omics Integration},
  journal   = {Trends in Analytical Chemistry},
  volume    = {2020},
  number    = {Metabolomics},
  year      = {2020},
  doi       = {10.1016/j.trac.2020.115964},
}


@misc{SilicoGene_2024, 
    title={OMICS Explained: A Comprehensive Overview}, 
    url={https://silicogene.com/blog/omics/}, 
    journal={SilicoGene}, author={SilicoGene}, 
    year={2024}, 
    month={Sep}
} 

@misc{Yamada_Okada_Wang_Basak_Koyama_2021, title={Interpretation of OMICS data analyses}, url={https://pmc.ncbi.nlm.nih.gov/articles/PMC7728595/}, journal={Journal of human genetics}, publisher={U.S. National Library of Medicine}, author={Yamada, Ryo and Okada, Daigo and Wang, Juan and Basak, Tapati and Koyama, Satoshi}, year={2021}, month={Jan}} 



@article{yurekten2024metabolights,
  author    = {Yurekten, _Özgür_ and Payne, Thomas and Tejera, Noemi and Amaladoss, Felix Xavier and Martin, Callum and Williams, Mark and O'Donovan, Claire},
  title     = {MetaboLights: open data repository for metabolomics},
  journal   = {Nucleic Acids Research},
  volume    = {52},
  number    = {D1},
  pages     = {D640–D646},
  year      = {2024},
  doi       = {10.1093/nar/gkad1045},
}

@article{salih2023perspective_shap_lime,
  author    = {Salih, Ahmed M. and Raisi‑Estabragh, Zahra and Boscolo Galazzo, Ilaria and others},
  title     = {A Perspective on Explainable Artificial Intelligence Methods: SHAP and LIME},
  journal   = {arXiv preprint},
  year      = {2023},
  url       = {https://arxiv.org/abs/2305.02012},
}

@unknown{ExplainAIMethsMultiOmics,
    author = {Hussein, Ahmad and Prasad, Mukesh and Braytee, Ali},
    year = {2024},
    month = {10},
    pages = {},
    title = {Explainable AI Methods for Multi-Omics Analysis: A Survey},
    doi = {10.48550/arXiv.2410.11910}
}




@article{Planell2021stategra,
    author = {Planell, Núria and Lagani, Vincenzo and Sebastián-León, Patricia and van der Kloet, Frans and Ewing, Ewoud and Karathanasis, Nestoras and Urdangarin, Arantxa and Arozarena, Imanol and Jagodic, Maja and Tsamardinos, Ioannis and Tarazona, Sonia and Conesa, Ana and Tegner, Jesper},
    year = {2021},
    month = {03},
    pages = {},
    title = {STATegra: Multi-Omics Data Integration – A Conceptual Scheme With a Bioinformatics Pipeline},
    volume = {12},
    journal = {Frontiers in Genetics},
    doi = {10.3389/fgene.2021.620453}
}

@misc{turn0search2,
  title = {Overall workflow of OmicsAnalyst. Description of the three visual analytics tracks},
  note = {Zhou et al., Nucleic Acids Research},
  year = {2021}
}

@article{Tomazou2021multiomics_covid,
    author = {Tomazou, Marios and Bourdakou, Marilena and Minadakis, George and Zachariou, Margarita and Oulas, Anastasis and Karatzas, Evangelos and Loizidou, Eleni and Kakouri, Andrea and Christodoulou, Christiana and Savva, Kyriaki and Zanti, Maria and Onisiforou, Anna and Afxenti, Sotiroula and Richter, Jan and Christodoulou, Christina and Kyprianou, Theodoros and Kolios, George and Dietis, Nikolas and Spyrou, George},
    year = {2021},
    month = {05},
    pages = {},
    title = {Multi-omics data integration and network-based analysis drives a multiplex drug repurposing approach to a shortlist of candidate drugs against COVID-19},
    volume = {22},
    journal = {Briefings in Bioinformatics},
    doi = {10.1093/bib/bbab114}
}































@article{hasin2017multiomics_review,
  title={Multi-omics approaches to disease},
  author={Hasin, Yehudit and Seldin, Marcus and Lusis, Aldons},
  journal={Genome biology},
  volume={18},
  number={1},
  pages={1--15},
  year={2017},
  publisher={Springer}
}

@article{ramazzotti2022multiomics_dimensionality,
  title={Multi-omics data integration and dimensionality reduction: state-of-the-art, challenges and perspectives},
  author={Ramazzotti, Daniele and others},
  journal={Briefings in Bioinformatics},
  volume={23},
  number={1},
  pages={bbab465},
  year={2022},
  publisher={Oxford University Press}
}

@article{Argelaguet2018MOFA,
  title={Multi‐Omics Factor Analysis—a framework for unsupervised integration of multi‐omics data sets},
  author={Argelaguet, Ricard and others},
  journal={Molecular systems biology},
  volume={14},
  number={6},
  pages={e8124},
  year={2018},
  publisher={Wiley Online Library}
}

@article{xia2022omicsanalyst,
  title={OmicsAnalyst: a comprehensive web-based platform for visual analytics of multi-omics data},
  author={Xia, Jianguo and others},
  journal={Nucleic Acids Research},
  volume={50},
  number={W1},
  pages={W276--W285},
  year={2022},
  publisher={Oxford University Press}
}

@article{gautier2021mibiomics,
  title={MiBiOmics: an interactive web application for multi-omics data exploration and integration},
  author={Gautier, Ludovic and others},
  journal={BMC Bioinformatics},
  volume={22},
  pages={1--7},
  year={2021},
  publisher={Springer}
}

@article{di_tommaso2017nextflow,
  title={Nextflow enables reproducible computational workflows},
  author={Di Tommaso, Paolo and others},
  journal={Nature biotechnology},
  volume={35},
  number={4},
  pages={316--319},
  year={2017},
  publisher={Nature Publishing Group}
}

@article{ewels2020nfcore,
  title={The nf-core framework for community-curated bioinformatics pipelines},
  author={Ewels, Philip A and others},
  journal={Nature Biotechnology},
  volume={38},
  pages={276--278},
  year={2020},
  publisher={Nature Publishing Group}
}

@article{berger2021multiomics_pipeline,
  title={Computational framework for the integrative analysis of multi-omics data},
  author={Berger, Bernhard and others},
  journal={Trends in Biotechnology},
  volume={39},
  number={11},
  pages={1161--1174},
  year={2021},
  publisher={Elsevier}
}

@article{yasmin2024empirical,
  title = {An Empirical Study of Developers' Challenges in Implementing Workflows as Code: A Case Study on Apache Airflow},
  author = {Yasmin, Jerin and Wang, Jiale and Tian, Yuan and Adams, Bram},
  journal = {arXiv},
  volume = {2406.00180},
  year = {2024},
  note = {Preprint},
  url = {https://arxiv.org/abs/2406.00180}
}