@article{meneses2024informe,
  title={Informe especial de estabilidad financiera: an{\'a}lisis de la cartera y del mercado inmobiliario en Colombia-Segundo semestre de 2023},
  author={Meneses-Gonz{\'a}lez, Mar{\'\i}a Fernanda and S{\'a}nchez, Camilo Eduardo},
  journal={Informe especial de estabilidad financiera: an{\'a}lisis de la cartera y del mercado inmobiliario en Colombia-Segundo semestre de 2023},
  year={2024},
  publisher={Banco de la Rep{\'u}blica de Colombia}
}

@article{guzman2023caracterizacion,
  title={Caracterizaci{\'o}n de estrategias de marketing digital, en el sector inmobiliario de Cali},
  author={Guzm{\'a}n Vargas, Richard},
  year={2023},
  publisher={Universidad Aut{\'o}noma de Occidente}
}

@misc{meneses2022analisis,
  title={An{\'a}lisis de la cartera y del mercado inmobiliario en Colombia},
  author={Meneses, Maria Fernanda and S{\'a}nchez, Camilo Eduardo},
  year={2022}
}